
@misc{mkr1,
    title="The Maker Protocol: MakerDAO’s Multi-Collateral Dai (MCD) System.",
    journal="Maker Foundation",
    year = "2019"
    url="https://makerdao.com/en/whitepaper/"
}

@article{Chohan1,
    author = "Chohan, Usman W",
    title = "Are Stable Coins Stable?",
    journal = "Notes on the 21st Century",
    year = "2020",
    DOI = "http://dx.doi.org/10.2139/ssrn.3326823"
}

@article{ecb1,
    author =       "Bullmann, Dirk and Klemm, Jonas and Pinna, Andrea,",
    title =        "In Search for Stability in Crypto-Assets: Are Stablecoins the Solution?",
    journal =      "European Central bank Occasional Papers",
    volume =       "230",
    year = "2019",
    DOI =  "https://ssrn.com/abstract=3444847"
}

@book{vox1,
    author = "Fatas, Antonio",
    title = "The Economics of Fintech and Digital Currencies",
    journal = "CEPR Policy Portal",
    publisher = "CEPR Press",
    year = "2019"
    url = "https://cepr.org/content/new-ebook-economics-fintech-and-digital-currencies"
}


\item A. Kosba, A. Miller, E. Shi, Z. Wen and C. Papamanthou, "Hawk: The Blockchain Model of Cryptography and Privacy-Preserving Smart Contracts," 2016 IEEE Symposium on Security and Privacy (SP), San Jose, CA, 2016, pp. 839-858, doi: 10.1109/SP.2016.55.
\item Richard K. Lyons \& Ganesh Viswanath-Natraj, 2020. "What Keeps Stablecoins Stable?," NBER Working Papers 27136, National Bureau of Economic Research, Inc.
\item M. Mita, K. Ito, S. Ohsawa and H. Tanaka, "What is Stablecoin?: A Survey on Price Stabilization Mechanisms for Decentralized Payment Systems," 2019 8th International Congress on Advanced Applied Informatics (IIAI-AAI), Toyama, Japan, 2019, pp. 60-66, doi: 10.1109/IIAI-AAI.2019.00023.
\item Gavrielov, Yehuda. “US20200082360A1 - Systems and Methods for Implementing a Smart Stablecoin and Facilitating the Trustless Smart Swap of Cryptocurrency.” US Patents, Jointer Inc, 12 Mar. 2020, patents.google.com/patent/US20200082360A1/en. 
\item Sánchez, David Cerezo. “Truthful and Faithful Monetary Policy for a Stablecoin Conducted by a Decentralised, Encrypted Artificial Intelligence.” ArXiv.org, ArXiv Labs, 16 Sept. 2019, arxiv.org/abs/1909.07445. 
\item Dell’Erba, Marco. “Stablecoins in Cryptoeconomics. From Initial Coin Offerings (ICOs) to Central Bank Digital Currencies (CBDCs).” Banking \& Insurance eJournal (2019): n. pag.
\item Kondova, Galia and Bolliger, Christian and Thammavongsa, Erich, Stablecoins: Types and Applications (March 12, 2020). Available at SSRN: https://ssrn.com/abstract=3553296
\item Gooding, Philip. “Consumer Price Inflation Basket of Goods and Services: 2020.” Consumer Price Inflation Basket of Goods and Services , Office for National Statistics, 16 Mar. 2020, ons.gov.uk/economy/inflationandpriceindices/articles/\\ ukconsumerpriceinflationbasketofgoodsandservices/2020. 
\item Umar, Zaghum, and Mariya Gubareva. “A time-frequency analysis of the impact of the Covid-19 induced panic on the volatility of currency and cryptocurrency markets.” Journal of behavioral and experimental finance vol. 28 (2020): 100404. doi:10.1016/j.jbef.2020.100404
\item{Benoît Cœuré, et al. “Investigating the Impact of Global Stablecoins.” International Monetary Fund, Committee on Payments and Market Infrastructure, Oct. 2019, www.bis.org/cpmi/publ/d187.pdf.}
\item{N/A. “Law of Supply.” Law of Supply - Definition - Explanation - Supply Function - Formula - Schedule - Curve/Diagram - Example - Assumptions - Limitations/Exceptions - Impotance - Determinants - Economicsconcepts.com, EconomicConcepts.com, 2015, www.economicsconcepts.com/law_of_supply.htm. }